@article{Ben-Haim:2010:SPD:1756006.1756034,
 author = {Ben-Haim, Yael and Tom-Tov, Elad},
 title = {A Streaming Parallel Decision Tree Algorithm},
 journal = {J. Mach. Learn. Res.},
 issue_date = {3/1/2010},
 volume = {11},
 month = mar,
 year = {2010},
 issn = {1532-4435},
 pages = {849--872},
 numpages = {24},
 url = {http://dl.acm.org/citation.cfm?id=1756006.1756034},
 acmid = {1756034},
 publisher = {JMLR.org},
} 
@article{Thusoo:2009:HWS:1687553.1687609,
 author = {Thusoo, Ashish and Sarma, Joydeep Sen and Jain, Namit and Shao, Zheng and Chakka, Prasad and Anthony, Suresh and Liu, Hao and Wyckoff, Pete and Murthy, Raghotham},
 title = {Hive: A Warehousing Solution over a Map-reduce Framework},
 journal = {Proc. VLDB Endow.},
 issue_date = {August 2009},
 volume = {2},
 number = {2},
 month = aug,
 year = {2009},
 issn = {2150-8097},
 pages = {1626--1629},
 numpages = {4},
 url = {https://doi.org/10.14778/1687553.1687609},
 doi = {10.14778/1687553.1687609},
 acmid = {1687609},
 publisher = {VLDB Endowment},
} 
@misc{HivePoweredBy,
  title = {PoweredBy},
  howpublished = {\url{https://cwiki.apache.org/confluence/display/Hive/PoweredBy}},
  note = {Accessed: 2019-05-01}
}
@misc{HiveImplementation,
  title = {NumericHistogram},
  howpublished = {\url{https://github.com/apache/hive/blob/f37c5de6c32b9395d1b34fa3c02ed06d1bfbf6eb/ql/src/java/org/apache/hadoop/hive/ql/udf/generic/NumericHistogram.java}},
  note = {Accessed: 2019-05-01}
}
@misc{OSHistograms,
  title = {Optimal Streaming Histograms},
  howpublished = {\url{https://amplitude.com/blog/2014/08/06/optimal-streaming-histograms}},
  note = {Accessed: 2019-05-01}
}
@book{Kafka,
 author = {Garg, Nishant},
 title = {Apache Kafka},
 year = {2013},
 isbn = {1782167935, 9781782167938},
 publisher = {Packt Publishing},
}
@article{errormetrics,
author = {Botchkarev, Alexei},
year = {2018},
month = {09},
pages = {},
title = {Performance Metrics (Error Measures) in Machine Learning Regression, Forecasting and Prognostics: Properties and Typology}
}